@book{lange2016mm,
  title={MM optimization algorithms},
  author={Lange, Kenneth},
  volume={147},
  year={2016},
  publisher={SIAM}
}

